@book{typo,
  author    = {},
  title     = {Lexique des règles typographiques en usage à l'Imprimerie nationale},
  publisher = {L'Imprimerie nationale},
  year      = {2002},
  address   = {Paris},
  isbn      = {2-7433-0482-0}
}

@online{knuthwebsite,
  author   = {Donald Knuth},
  title    = {Knuth: Computers and Typesetting},
  url      = {http://www-cs-faculty.stanford.edu/~uno/abcde.html},
  addendum = {(accessed: 01.09.2016)},
  keywords = {latex,knuth}
}

@article{einstein,
  author   = {Albert Einstein},
  title    = {{Zur Elektrodynamik bewegter K{\"o}rper}. ({German})
              [{On} the electrodynamics of moving bodies]},
  journal  = {Annalen der Physik},
  volume   = {322},
  number   = {10},
  pages    = {891--921},
  year     = {1905},
  doi      = {http://dx.doi.org/10.1002/andp.19053221004},
  keywords = {physics}
}

@book{dirac,
  title     = {The Principles of Quantum Mechanics},
  author    = {Paul Adrien Maurice Dirac},
  isbn      = {9780198520115},
  series    = {International series of monographs on physics},
  year      = {1981},
  publisher = {Clarendon Press},
  keywords  = {physics}
}

@online{rplace,
  author   = {reddit},
  title    = {place},
  url      = {https://www.reddit.com/r/place/},
  addendum = {(accessed: 27.10.2022)}
}


@online{rplace2017,
  author   = {Brian Simpson, Matt Lee, and Daniel Ellis},
  title    = {How We Built r/Place},
  url      = {https://www.redditinc.com/blog/how-we-built-rplace/},
  addendum = {(accessed: 06.03.2023)}
}

@online{rplace2022,
  author   = {SussexPondPudding},
  title    = {How we built r/place 2022},
  url      = {https://www.reddit.com/r/RedditEng/comments/vcyeqi/how_we_built_rplace/},
  addendum = {(accessed: 06.03.2023)}
}

@online{beescreens,
  author   = {BeeScreens},
  title    = {Main repository for BeeScreens},
  url      = {https://gitlab.com/beescreens/beescreens},
  addendum = {(accessed: 27.10.2022)}
}

@online{beescreensdocs,
  author   = {BeeScreens},
  title    = {BeeScreens Documentation website},
  url      = {https://docs.beescreens.ch/},
  addendum = {(accessed: 11.02.2023)}
}

@online{pnpmworkspace,
  author   = {pnpm},
  title    = {pnpm Workspace},
  url      = {https://pnpm.io/workspaces},
  addendum = {(accessed: 06.03.2023)}
}

@online{addapptobeescreens,
  author   = {BeeScreens},
  title    = {How to add an application to BeeScreens},
  url      = {https://docs.beescreens.ch/how-to-guides/how-to-add-an-application-to-beescreens/},
  addendum = {(accessed: 10.03.2023)}
}

@online{aboutpnpmbeescreens,
  author   = {BeeScreens},
  title    = {About pnpm},
  url      = {https://docs.beescreens.ch/explanations/about-pnpm/},
  addendum = {(accessed: 14.03.2023)}
}

@online{typescript,
  author   = {Microsoft},
  title    = {TypeScript},
  url      = {https://www.typescriptlang.org/},
  addendum = {(accessed: 15.03.2023)}
}

@online{nodejs,
  author   = {OpenJS Foundation},
  title    = {Node.js},
  url      = {https://nodejs.org/en/},
  addendum = {(accessed: 15.03.2023)}
}

@online{bitfield,
  author   = {Redis Ltd},
  title    = {BITFIELD},
  url      = {https://redis.io/commands/bitfield/},
  addendum = {(accessed: 13.04.2023)}
}

@online{redisconf,
  author   = {Daniel Ellis},
  title    = {RedisConf 17 - A Collaborative Canvas Using Bitfields in Redis},
  url      = {https://www.youtube.com/watch?v=3-Xqghoki70},
  addendum = {(accessed: 13.04.2023)}
}

@online{uint8clampedarray,
  author   = {MDN contributors},
  title    = {Uint8ClampedArray},
  url      = {https://developer.mozilla.org/fr/docs/Web/JavaScript/Reference/Global_Objects/Uint8ClampedArray},
  addendum = {(accessed: 13.04.2023)}
}

@online{postgresql,
  author   = {The PostgreSQL Global Development Group},
  title    = {PostgreSQL},
  url      = {https://www.postgresql.org/},
  addendum = {(accessed: 06.05.2023)}
}
